
@book{Murphy,
  title = {Machine Learning: a Probabilistic Perspective},
  author  = {Kevin P Murphy},
  year  = {2012},
  publisher = {MIT Press},
  address = {Cambridge, MA}
}