@book{rasmussen,
  title={Gaussian processes for machine learning},
  author={Rasmussen, Carl Edward},
  year={2006},
  publisher={Citeseer}
}


@book{murphy,
  title = {Machine Learning: a Probabilistic Perspective},
  author  = {Kevin P Murphy},
  year  = {2012},
  publisher = {MIT Press},
  address = {Cambridge, MA}
}

@article{chib,
  title={Understanding the metropolis-hastings algorithm},
  author={Chib, Siddhartha and Greenberg, Edward},
  journal={The American Statistician},
  volume={49},
  number={4},
  pages={327--335},
  year={1995},
  publisher={Taylor \& Francis Group}
}

@article{neal,
  title={Slice sampling},
  author={Neal, Radford M},
  journal={Annals of statistics},
  pages={705--741},
  year={2003},
  publisher={JSTOR}
}